<?xml version="1.0" encoding="UTF-8"?><collection xmlns="http://www.loc.gov/MARC21/slim"><record><leader>00508nam--2200169-i-4500</leader><controlfield tag="001">000037795</controlfield><controlfield tag="002">20161230</controlfield><controlfield tag="005">20170113223523</controlfield><controlfield tag="008">060222s1000------------r-----000-0-eng-d</controlfield><datafield ind1=" " ind2=" " tag="080"><subfield code="a">616-073.75</subfield></datafield><datafield ind1=" " ind2=" " tag="100"><subfield code="a">Ramelia, Mario</subfield></datafield><datafield ind1=" " ind2=" " tag="245"><subfield code="a">Radiographie panoramique et radiographie pantomographique. Nouveaux procedes de diagnostic en stomatologie</subfield></datafield><datafield ind1=" " ind2=" " tag="260"><subfield code="a">Paris</subfield><subfield code="b">Univ.De Paris, Faculte De Medicine</subfield><subfield code="c">1971</subfield></datafield><datafield ind1=" " ind2=" " tag="300"><subfield code="a">81 p</subfield></datafield><datafield ind1=" " ind2=" " tag="700"><subfield code="a">Gaspard, Vincent</subfield></datafield><datafield ind1=" " ind2=" " tag="852"><subfield code="a">39039</subfield></datafield><datafield ind1=" " ind2=" " tag="CAT"><subfield code="a">SYS</subfield><subfield code="c">20170113</subfield><subfield code="h">223523</subfield></datafield></record></collection>